%% LaTeX2e file `Prostar.bib'
%% generated by the `filecontents' environment
%% from source `Prostar_UserManual' on 2017/04/13.
%%
%@misc{Doe,author={John Doe},title={Title}}
